@article{gils03conceptual,
    author = {Gils, B. van and H. A. Proper and P. van Bommel},
    title = {A Conceptual model of Information Supply},
    journal = {(submitted to) International Journal: Universal Access in the Inf ormation Society},
    year = {2003},
    publisher = {Springer-Verlag},
    address = {Berlin Heidelberg},
    note = {technical report number: {NIII}-R0313}
}

@book{beck99extreme,
author = {K. Beck, M. Fowler},
title = {Extreme Programming Explained},
publisher = {Addison-Wesley Pub Co},
year = {1999},
}

@manual{google03api,
    key = {Google},
    year = {2003},
    organization = {Google},
    title = {Google Web API's},
    note = {last checked: 16-May-2003},
    address = {\\\url{http://www.google.com/apis}}
}

@mastersthesis{schabell02generic,
    author = {Eric D. Schabell},
    school = {Vrije Universiteit, Amsterdam, Netherlands},
    year = {2002},
    title = {Resource Access in Generic Information Retrieval Systems}
}


