@article{gils03conceptual,
    author = {Gils, B. van and H. A. Proper and P. van Bommel},
    title = {A Conceptual model of Information Supply},
    journal = {(submitted to) International Journal: Universal Access in the Inf ormation Society},
    year = {2003},
    publisher = {Springer-Verlag},
    address = {Berlin Heidelberg},
    note = {technical report number: {NIII}-R0313}
}

@Book{beck99extreme,
author = {K. Beck, M. Fowler},
title = {Extreme Programming Explained},
publisher = {Addison-Wesley Pub Co},
year = {1999},
}

@inproceedings{funfrocken99mobile-agts,
    publisher = {Springer-Verlag},
    title = {Mobile Agents as an Architectural Concept for Internet-based Distributed Applications - The WASP Project Approach},
    booktitle = {Proceedings of the {KiVS'99} ("Kommunikation in Verteilten Systemen")},
    editor = {Steinmetz},
    pages = {32--43},
    year = {1999},
    author = {Stefan F\"unfrocken and Friedemann Mattern}
}

@inproceedings{gils03userprofiles,
	booktitle = {(submitted to) The 15th Belgian-Dutch Conference on Artificial Intelligence ({BNAIC}'03)},
	year = {2003},
	title = {User-profiles for Information Retrieval},
	author = {Gils, Bas van and Schabell, Eric D.},
	month = {October},
	address = {Nijmegen}
}

@inproceedings{gils03towards,
    booktitle = {Proceedings of the 10th International Conference on Human-Compu ter Interaction},
    year = {2003},
    title = {Towards a General Theory for Information Supply},
    author = {Gils, B. van and E. Proper and P. van Bommel}
}
@manual{google03api,
    key = {Google},
    year = {2003},
    organization = {Google},
    title = {Google Web API's},
    note = {last checked: 16-May-2003},
    address = {\\\url{http://www.google.com/apis}}
}

@manual{w3c03rdf,
    author = {Eric Miller and Ralph Swick and Dan Brickley},
    address = {\\\url{http://www.w3.org/rdf}},
    note = {last checked: 16-May-2003},
    title = {Resource Description Framework ({RDF})},
    year = {2003},
    organization = {World Wide Web Consortium}
}

@manual{web03pronir,
    address = {\\\url{http://www.pronir.nl/pub/spws}},
    title = {Profile Based Retrieval Of Networked Information Resources, The Scientific Programmers Workshop},
    note = {Last checked: 16-May-2003},
    year = {2003},
    author = {Eric D. Schabell}
}

@Manual{miller02jit,
author = {R. Miller},
title = {Demistifying Extreme Programing: Just-in-time design},
address = {\\\url{http://www-106.ibm.com/developerworks/library/j-xp07013.html?ca=dnt-426#resources}},
year = {2002},
note = {last checked 04 July, 2002}
}

@Manual{postgresql03site,
address = {\\\url{http://www.postgresql.org}},
year = {2003},
note = {last checked 08 July, 2002},
title = {Postgresql website},
key = {Postgresql}
}

@Manual{mysql03site,
address = {\\\url{http://www.mysql.com}},
year = {2003},
note = {last checked 08 July, 2002},
title = {MySQL website},
key = {MySQL}
}

@Manual{easinstaller04site,
address = {\\\url{http://easinstaller.sourceforge.net}},
year = {2004},
note = {last checked 23 Sep, 2004},
title = {Easinstaller website},
key = {Easinstaller}
}

@Manual{smgl04site,
address = {\\\url{http://www.sourcemage.org}},
year = {2004},
note = {last checked 23 Sep, 2004},
title = {Source Mage GNU/Linux website},
key = {SMGL}
}

@Manual{micropkg04site,
address = {\\\url{http://u-os.org/upm.html}},
year = {2004},
note = {last checked 23 Sep, 2004},
title = {The Micro Package Manager website},
key = {micropkg}
}

@mastersthesis{schabell02generic,
    author = {Eric D. Schabell},
    school = {Vrije Universiteit, Amsterdam, Netherlands},
    year = {2002},
    title = {Resource Access in Generic Information Retrieval Systems}
}

@PhdThesis{ockerbloom98tom,
author = {J. Ockerbloom},
title = {Mediating Among Diverse Data Formats},
school = {Carnegie Mellon University, Pittsburgh, PA., January 1998.},
year = {January 1998}
}


