@manual{schabell2005abtlinux,
    key = {AbTLinux},
    year = {2005},
    organization = {AbTLinux},
    title = {ABout Time Linux},
    note = {last checked: Dec-2005},
    address = {\\\url{http://abtlinux.org/page.php?1}}
}


